<record><leader>00000cas a22000007a 4500</leader><controlfield tag="001">9709531</controlfield><controlfield tag="008">830716d18211825ohuwr ne      0    0eng d</controlfield><controlfield tag="009">3783</controlfield><datafield ind1=" " ind2=" " tag="010"><subfield code="a">sn 83035341 </subfield></datafield><datafield ind1=" " ind2=" " tag="040"><subfield code="a">NPY</subfield><subfield code="b">eng</subfield><subfield code="c">NPY</subfield><subfield code="d">DLC</subfield><subfield code="d">ONP</subfield><subfield code="d">MFN</subfield></datafield><datafield ind1="1" ind2=" " tag="029"><subfield code="a">AU@</subfield><subfield code="b">000025840834</subfield></datafield><datafield ind1=" " ind2=" " tag="042"><subfield code="a">msc</subfield></datafield><datafield ind1="0" ind2="0" tag="050"><subfield code="a">Newspaper 9214-X</subfield></datafield><datafield ind1="0" ind2="0" tag="245"><subfield code="a">Hamilton intelligencer &amp; advertiser.</subfield></datafield><datafield ind1="1" ind2="0" tag="246"><subfield code="a">Hamilton intelligencer and advertiser</subfield></datafield><datafield ind1=" " ind2=" " tag="260"><subfield code="a">Hamilton, Ohio :</subfield><subfield code="b">James B. Camron,</subfield></datafield><datafield ind1=" " ind2=" " tag="300"><subfield code="a">v.</subfield></datafield><datafield ind1=" " ind2=" " tag="310"><subfield code="a">Weekly</subfield></datafield><datafield ind1="0" ind2=" " tag="362"><subfield code="a">Vol. 1, no. 1 (Nov. 17, 1821)-v. 4, no  164 (Jan. 3, 1825).</subfield></datafield><datafield ind1=" " ind2=" " tag="580"><subfield code="a">Camron and his partner John L. Murray had previously published the Hamilton gazette and Miami register.</subfield></datafield><datafield ind1=" " ind2=" " tag="515"><subfield code="a">Vol. 1, no. 3 (Dec. 1, 1821) misdated Oct. 1.</subfield></datafield><datafield ind1=" " ind2=" " tag="752"><subfield code="a">United States</subfield><subfield code="b">Ohio</subfield><subfield code="c">Butler</subfield><subfield code="d">Hamilton.</subfield></datafield><datafield ind1="0" ind2="0" tag="785"><subfield code="t">Hamilton advertiser</subfield><subfield code="w">(DLC)sn 88077317</subfield></datafield><datafield ind1="1" ind2=" " tag="787"><subfield code="t">Hamilton gazette and Miami register</subfield><subfield code="w">(DLC)sn 84024208</subfield></datafield></record>